1636 2423
521 47 703 108 Dom.
750 43 1096 129 Winthrop.
1374 66 1407 123 7

200 187 451 272 accepi,
515 209 589 246 eo
641 182 896 259 scilieet,
955 184 1202 269 opinor,
1258 206 1413 243 con-

200 277 354 356 filio,
394 305 428 342 a
464 284 605 341 Deo
657 296 785 365 opt.
827 302 991 339 max.
1035 275 1268 339 faetum
1307 274 1409 351 est,

201 391 266 436 vt
302 374 416 436 tibi
450 371 826 435 deberemus
849 370 1109 433 faelieem
1152 372 1410 445 exitum,

203 470 330 530 eius
381 467 594 543 causae,
640 465 827 527 cuius
864 466 1119 525 initium
1173 482 1233 526 et
1284 465 1413 550 pri-

203 562 445 623 mordia
496 579 606 622 tuo
655 558 843 620 nobis
884 554 1159 620 maxime
1209 557 1414 620 obser—

201 655 412 717 uando
440 655 689 716 Parenti
719 652 1121 715 debebamus:
1180 657 1416 714 Totam

201 766 412 811 autem
481 747 836 810 huiusmodi
915 746 1158 809 causam
1229 743 1430 808 fufius

204 842 531 930 postquam
567 841 844 928 explicui
882 866 1091 903 eoram
1129 839 1413 903 Bostoni-

203 935 331 998 ensi
367 954 427 998 et
459 933 926 1022 Pleymothenfi
955 935 1411 1011 Gubernatore,

202 1030 370 1092 votis
421 1029 724 1092 omnibus
770 1029 1142 1116 expetebam
1199 1053 1414 1091 meum

202 1127 316 1186 iter
343 1125 631 1211 prosequi
661 1149 860 1186 versus
898 1149 1034 1186 eam
1064 1149 1253 1210 quam
1291 1133 1415 1186 nuc

204 1218 436 1280 ineolis
480 1220 823 1304 regionem,
880 1243 995 1280 nee
1055 1216 1184 1280 tam
1240 1220 1414 1281 niues

201 1315 574 1399 importunae
611 1337 712 1374 me
754 1312 1183 1399 prohibuerut,
1224 1310 1414 1399 quam

202 1407 546 1469 auctoritas
599 1406 875 1494 plurium
929 1409 1133 1469 virori]
1169 1409 1411 1493 grauifi,

201 1500 709 1578 dissuadentium,
781 1501 1018 1587 quibus
1084 1501 1416 1564 obseruan—

203 1597 356 1657 tiam
412 1595 631 1672 debe0,
684 1620 785 1657 me
845 1606 1172 1658 reuocari—it
1234 1595 1414 1683 Pley-

203 1688 425 1752 msstho
515 1689 890 1752 Bostonem-
1163 1687 1415 1752 tantum

202 1782 357 1846 mihi
408 1786 535 1870 spei
584 1782 926 1870 affulgebat
976 1809 1051 1846 ex
1105 1783 1213 1846 tua
1272 1809 1416 1870 erga

204 1878 577 1964 Peregrinos
645 1878 1043 1965 quantulibet
1122 1878 1429 1942 Barbaros

202 1971 617 2048 humanitate,
656 1990 720 2035 Vt
756 1972 912 2034 mihi
965 1975 1088 2035 iam
1127 1973 1203 2035 ab
1239 1972 1427 2035 a‘nnis

204 2090 436 2128 nouem
473 2068 632 2128 inter
670 2067 973 2129 Barbaros
1002 2067 1328 2129 docendos
1350 2069 1414 2128 in

201 2159 398 2247 syluis
419 2160 640 2247 procu]
676 2161 751 2223 ab
782 2167 1230 2248 Europaeorum
1259 2186 1415 2223 con-
